<record><leader>00000cas a22000007a 4500</leader><controlfield tag="001">32101601</controlfield><controlfield tag="008">950307d19871990nyuwr ne      0    0eng d</controlfield><datafield ind1=" " ind2=" " tag="010"><subfield code="a">sn 95071127 </subfield></datafield><datafield ind1=" " ind2=" " tag="040"><subfield code="a">NYS</subfield><subfield code="b">eng</subfield><subfield code="c">NYS</subfield><subfield code="d">OCLCQ</subfield><subfield code="d">OCLCF</subfield><subfield code="d">OCLCO</subfield></datafield><datafield ind1="1" ind2=" " tag="029"><subfield code="a">AU@</subfield><subfield code="b">000011688329</subfield></datafield><datafield ind1=" " ind2=" " tag="042"><subfield code="a">msc</subfield></datafield><datafield ind1=" " ind2=" " tag="043"><subfield code="a">n-us-ny</subfield></datafield><datafield ind1="0" ind2=" " tag="130"><subfield code="a">Review (Ronkonkoma, N.Y. : Ronkonkoma ed.)</subfield></datafield><datafield ind1="1" ind2="0" tag="245"><subfield code="a">Review.</subfield></datafield><datafield ind1="1" ind2="3" tag="246"><subfield code="a">Ronkonkoma review</subfield></datafield><datafield ind1=" " ind2=" " tag="250"><subfield code="a">Ronkonkoma ed.</subfield></datafield><datafield ind1=" " ind2=" " tag="260"><subfield code="a">Ronkonkoma, N.Y. :</subfield><subfield code="b">Review Newspapers,</subfield><subfield code="c">1987-</subfield></datafield><datafield ind1=" " ind2=" " tag="300"><subfield code="a">v.</subfield></datafield><datafield ind1=" " ind2=" " tag="310"><subfield code="a">Weekly</subfield></datafield><datafield ind1="0" ind2=" " tag="362"><subfield code="a">Vol. 28, no. 8 (Oct. 22, 1987)-</subfield></datafield><datafield ind1="1" ind2=" " tag="362"><subfield code="a">Ceased in 1990?</subfield></datafield><datafield ind1=" " ind2=" " tag="580"><subfield code="a">Other eds.: Review (Ronkonkoma, N.Y. : Brookhaven ed.); Review (Bohemia, N.Y. : 1987).</subfield></datafield><datafield ind1=" " ind2="0" tag="651"><subfield code="a">Ronkonkoma (N.Y.)</subfield><subfield code="v">Newspapers.</subfield></datafield><datafield ind1=" " ind2="0" tag="651"><subfield code="a">Suffolk County (N.Y.)</subfield><subfield code="v">Newspapers.</subfield></datafield><datafield ind1=" " ind2="7" tag="655"><subfield code="a">Newspapers.</subfield><subfield code="2">fast</subfield><subfield code="0">(OCoLC)fst01423814</subfield></datafield><datafield ind1=" " ind2="7" tag="651"><subfield code="a">New York (State)</subfield><subfield code="z">Ronkonkoma.</subfield><subfield code="2">fast</subfield><subfield code="0">(OCoLC)fst01264098</subfield></datafield><datafield ind1=" " ind2="7" tag="651"><subfield code="a">New York (State)</subfield><subfield code="z">Suffolk County.</subfield><subfield code="2">fast</subfield><subfield code="0">(OCoLC)fst01207260</subfield></datafield><datafield ind1=" " ind2=" " tag="752"><subfield code="a">United States</subfield><subfield code="b">New York</subfield><subfield code="c">Suffolk</subfield><subfield code="d">Ronkonkoma.</subfield></datafield><datafield ind1="1" ind2=" " tag="775"><subfield code="t">Review (Ronkonkoma, N.Y. : Brookhaven ed.)</subfield><subfield code="w">(DLC)sn 96083525</subfield><subfield code="w">(OCoLC)32904995</subfield></datafield><datafield ind1="1" ind2=" " tag="775"><subfield code="t">Review (Bohemia, N.Y. : 1987)</subfield><subfield code="w">(DLC)sn 96083526</subfield><subfield code="w">(OCoLC)33273227</subfield></datafield><datafield ind1="0" ind2="0" tag="780"><subfield code="t">Ronkonkoma review (Ronkonkoma, N.Y. : 1959)</subfield><subfield code="w">(DLC)sn 96083527</subfield><subfield code="w">(OCoLC)33003420</subfield></datafield><datafield ind1="0" ind2="0" tag="785"><subfield code="t">Ronkonkoma review (Ronkonkoma, N.Y. : 1990)</subfield><subfield code="w">(DLC)sn 98067538</subfield><subfield code="w">(OCoLC)38427453</subfield></datafield></record>